%% This BibTeX bibliography file was created using BibDesk.
%% http://bibdesk.sourceforge.net/

%% Created for Evgenii at 2016-07-31 12:46:59 +1000


%% Saved with string encoding Unicode (UTF-8)


@book{Edwards_ODEs,
  Address = {Upper Saddle River, NJ},
  Author = {Edwards, C. Henry and Penney, David E},
  Call-Number = {QA371},
  Date-Added = {2018-08-10 08:57:26 +0000},
  Date-Modified = {2018-08-10 08:57:26 +0000},
  Dewey-Call-Number = {515/.35},
  Edition = {5th},
  Genre = {Differential equations},
  Isbn = {0130797707},
  Library-Id = {99020390},
  Publisher = {Prentice Hall},
  Title = {Differential equations and boundary value problems: computing and modeling},
  Year = {2016}
}


@manual{mth3011_notes_2018,
  Address = {Clayton, Victoria, Australia, 3800},
  Author = {Simon Clarke},
  Date-Added = {2016-04-17 09:38:39 +0000},
  Date-Modified = {2016-07-31 02:46:59 +0000},
  Organization = {School of Mathematical Sciences, Monash University},
  Title = {MTH3011 Partial differential equations (Lecture Materials)},
  Year = {2018}}


@book{Larson:aa,
  Address = {Boston},
  Author = {Larson, Ron and Edwards, Bruce H. and Falvo, David C.},
  Call-Number = {QA303.2},
  Date-Added = {2016-04-22 22:27:08 +0000},
  Date-Modified = {2016-04-22 22:27:08 +0000},
  Edition = {Third},
  Genre = {Calculus},
  Isbn = {0840068336 (hardcover)},
  Library-Id = {2010937543},
  Publisher = {Brooks/Cole, Cengage Learning},
  Title = {Calculus I with precalculus: a one-year course},
  Year = {2012}}

@manual{mth1030_notes_2017_semester1,
	Address = {Clayton, Victoria, Australia, 3800},
	Author = {Burkard Polster},
	Date-Added = {2016-04-17 09:38:39 +0000},
	Date-Modified = {2016-07-31 02:46:59 +0000},
	Organization = {School of Mathematical Sciences, Monash University},
	Title = {Calculus lecture notes},
	Year = {Semester 1, 2017}}


@book{Knight:2013aa,
  Address = {Boston},
  Author = {Knight, Randall Dewey},
  Dewey-Call-Number = {530},
  Edition = {4th},
  Genre = {Physics},
  Isbn = {9780321752918 (v. 1)},
  Library-Id = {2011033849},
  Publisher = {Pearson},
  Title = {Physics for scientists and engineers: a strategic approach},
  Year = {2017}}


@book{Stewart,
  Address = {USA},
  Author = {Stewart, James},
  Publisher = {Cengage Learning},
  Title = {Calculus: Early Transcendentals, Eighth Edition, International Metric Version},
  Year = {2016}}

@misc{physical-constants-nist,
  Author = {{Constants from NIST}},
  Howpublished = {\url{http://physics.nist.gov/cuu/Constants/index.html}},
  Note = {[Online; accessed 12-May-2017]},
  Title = {Fundamental Physical Constants from NIST},
  Year = {2017}}

@misc{infinite-monkey-cage,
  Author = {{BBC Radio 4}},
  Howpublished = {\url{https://www.bbc.co.uk/programmes/b00snr0w/episodes/downloads}},
  Note = {[Online; accessed 12-May-2017]},
  Title = {The Infinite Monkey Cage podcast},
  Year = {2017}}
